<?xml version="1.0" encoding="UTF-8"?><collection xmlns="http://www.loc.gov/MARC21/slim"><record><leader>00455nam--2200169-u-4500</leader><controlfield tag="001">000055814</controlfield><controlfield tag="002">20161230</controlfield><controlfield tag="005">20161230201052</controlfield><controlfield tag="008">130806s1000------------r-----000-0-eng-d</controlfield><datafield ind1=" " ind2=" " tag="040"><subfield code="a">IFIN-HH</subfield></datafield><datafield ind1=" " ind2=" " tag="080"><subfield code="a">518.5</subfield></datafield><datafield ind1="1" ind2=" " tag="100"><subfield code="a">Gass, Saul I</subfield></datafield><datafield ind1="1" ind2="0" tag="245"><subfield code="a">Linear programming: methods ans applications</subfield><subfield code="c">Saul i. gass</subfield></datafield><datafield ind1=" " ind2=" " tag="260"><subfield code="a">New York</subfield><subfield code="b">Mcgraw-hill Book Company, Inc</subfield><subfield code="c">1958</subfield></datafield><datafield ind1=" " ind2=" " tag="300"><subfield code="a">XII+223P</subfield></datafield><datafield ind1=" " ind2=" " tag="852"><subfield code="a">16174</subfield><subfield code="c">519.283</subfield></datafield><datafield ind1=" " ind2=" " tag="CAT"><subfield code="a">Sys</subfield><subfield code="c">20130806</subfield><subfield code="h">145149</subfield></datafield></record></collection>